
@article{kumari2013business,
	title={Business Intelligence in a nutshell},
	author={Kumari, N},
	journal={International Journal of Innovative Research in Computer and Communication Engineering},
	volume={1},
	number={4},
	pages={969--975},
	year={2013}
}